<?xml version="1.0" encoding="UTF-8"?><collection xmlns="http://www.loc.gov/MARC21/slim"><record><leader>00423nam--2200145-i-4500</leader><controlfield tag="001">000025961</controlfield><controlfield tag="002">20161230</controlfield><controlfield tag="005">20161230201036</controlfield><controlfield tag="008">060222s1000------------r-----000-0-eng-d</controlfield><datafield ind1=" " ind2=" " tag="080"><subfield code="a">537.311.4</subfield></datafield><datafield ind1=" " ind2=" " tag="100"><subfield code="a">Jones, F. Llewellyn</subfield></datafield><datafield ind1=" " ind2=" " tag="245"><subfield code="a">The physics of electrical contacts</subfield></datafield><datafield ind1=" " ind2=" " tag="260"><subfield code="a">Oxford, At. The Clarendon Press, 1957. X+219p.+vi Fig</subfield></datafield><datafield ind1=" " ind2=" " tag="490"><subfield code="a">Monography On Th3 Physics And Chemistry Of Materials</subfield></datafield><datafield ind1=" " ind2=" " tag="852"><subfield code="a">75153</subfield></datafield></record></collection>